@article{anleitung,
  title = {Tensor-network simulations of bound states in perturbed quantum Ising chains},
  author = {Pollmann, Frank and Drescher, Markus and Lin, Shenghsuan},
  year = {2020},
  month = dec,
  pages = {25},
  url = {https://campus.tum.de/tumonline/LV_TX.wbDisplaySemplanDoc?pStpSplDsNr=21827},
  urldate = {2022-06-06},
  langid = {english}
}
